






@article{doi:10.1080/08839514.2019.1684778,
author = {Douglas Henke Dos Reis and Daniel Welfer and Marco Antonio De Souza Leite Cuadros and Daniel Fernando Tello Gamarra},
title = {Mobile Robot Navigation Using an Object Recognition Software with RGBD Images and the YOLO Algorithm},
journal = {Applied Artificial Intelligence},
volume = {33},
number = {14},
pages = {1290-1305},
year  = {2019},
publisher = {Taylor & Francis},
doi = {10.1080/08839514.2019.1684778},

URL = { 
    
        https://doi.org/10.1080/08839514.2019.1684778
    
    

},
eprint = { 
    
        https://doi.org/10.1080/08839514.2019.1684778
    
    

}

}


